%% This BibTeX bibliography file was created using BibDesk.
%% http://bibdesk.sourceforge.net/

%% Created for Edward Brown at 2019-05-10 16:13:47 -0400 


%% Saved with string encoding Unicode (UTF-8) 



@unpublished{BrownDevelopment-of-,
	Author = {Edward F. Brown and Laura Chomiuk and Laura Shishkovsky and Andrew Bundas},
	Date-Added = {2019-05-10 16:11:38 -0400},
	Date-Modified = {2019-05-10 16:13:47 -0400},
	Note = {White paper detailing revisions to AST 208, MSU},
	Title = {Development of a sophomore level astronomy course on planets and telescopes},
	Url = {https://www.authorea.com/19544/7GTRKXg6i69rNPihL7S99g},
	Year = {2015},
	Bdsk-Url-1 = {https://www.authorea.com/users/1675/articles/19544-development-of-a-sophomore-level-astronomy-course-on-planets-and-telescopes/_show_article}}

@book{Taylor1997An-Introduction,
	Address = {Sausalito, CA},
	Author = {John R. Taylor},
	Date-Added = {2016-03-02 14:11:43 +0000},
	Date-Modified = {2016-03-02 14:11:43 +0000},
	Edition = {2nd},
	Publisher = {University Science Books},
	Title = {An Introduction to Error Analysis},
	Year = {1997}}

@book{Ryden2010Foundations-of-,
	Author = {Barbara Ryden and Bradley M. Peterson},
	Date-Added = {2016-03-02 14:11:35 +0000},
	Date-Modified = {2016-03-02 14:11:35 +0000},
	Publisher = {Addison-Wesley},
	Title = {Foundations of Astrophysics},
	Year = {2010}}

@article{Laskar2009Existence-of-co,
	Adsnote = {Provided by the SAO/NASA Astrophysics Data System},
	Adsurl = {http://adsabs.harvard.edu/abs/2009Natur.459..817L},
	Author = {{Laskar}, J. and {Gastineau}, M.},
	Date-Added = {2015-03-29 13:26:07 +0000},
	Date-Modified = {2015-03-29 13:26:10 +0000},
	Doi = {10.1038/nature08096},
	Journal = {\nat},
	Month = jun,
	Pages = {817-819},
	Title = {{Existence of collisional trajectories of Mercury, Mars and Venus with the Earth}},
	Volume = 459,
	Year = 2009,
	Bdsk-Url-1 = {http://dx.doi.org/10.1038/nature08096}}

@article{Ward2004Tilting-Saturn.,
	Adsnote = {Provided by the SAO/NASA Astrophysics Data System},
	Adsurl = {http://adsabs.harvard.edu/abs/2004AJ....128.2501W},
	Author = {{Ward}, W.~R. and {Hamilton}, D.~P.},
	Date-Added = {2015-03-29 13:20:14 +0000},
	Date-Modified = {2015-03-29 13:20:17 +0000},
	Doi = {10.1086/424533},
	Journal = {\aj},
	Keywords = {Planets and Satellites: Individual: Neptune, Planets and Satellites: Individual: Saturn, Solar System: Formation, Solar System: General},
	Month = nov,
	Pages = {2501-2509},
	Title = {{Tilting Saturn. I. Analytic Model}},
	Volume = 128,
	Year = 2004,
	Bdsk-Url-1 = {http://dx.doi.org/10.1086/424533}}

@article{Zachos2001Trends-Rhythms-,
	Adsnote = {Provided by the SAO/NASA Astrophysics Data System},
	Adsurl = {http://adsabs.harvard.edu/abs/2001Sci...292..686Z},
	Author = {{Zachos}, J. and {Pagani}, M. and {Sloan}, L. and {Thomas}, E. and {Billups}, K.},
	Date-Added = {2015-03-29 13:00:20 +0000},
	Date-Modified = {2015-03-29 13:00:25 +0000},
	Doi = {10.1126/science.1059412},
	Journal = {Science},
	Month = apr,
	Pages = {686-693},
	Title = {{Trends, Rhythms, and Aberrations in Global Climate 65 Ma to Present}},
	Volume = 292,
	Year = 2001,
	Bdsk-Url-1 = {http://dx.doi.org/10.1126/science.1059412}}

@book{Press2007Numerical-Recip,
	Author = {William H. Press and Saul E. Teukolsky and William T. Vetterling and Brian P. Flannery},
	Date-Added = {2015-01-14 15:27:44 +0000},
	Date-Modified = {2015-01-14 15:29:50 +0000},
	Edition = {3d},
	Publisher = {Cambridge University Press},
	Title = {Numerical Recipes},
	Year = {2007}}

@book{Courant1996What-is-Mathema,
	Author = {Richard Courant and Herbert Robbins and Ian Stewart},
	Date-Added = {2014-12-09 01:23:17 +0000},
	Date-Modified = {2014-12-09 01:32:11 +0000},
	Edition = {2d},
	Publisher = {Oxford University Press},
	Title = {What is Mathematics?},
	Year = {1996}}

@article{Birge1935On-the-Establis-2,
	Author = {Birge, Raymond T.},
	Date-Added = {2014-11-22 13:14:56 +0000},
	Date-Modified = {2014-11-22 13:14:56 +0000},
	Journal = {Am.\ J.\ Phys.},
	Pages = {171},
	Title = {On the Establishment of Fundamental and Derived Units, with Special Reference to Electric Units. Part II},
	Volume = {3},
	Year = {1935}}

@article{Birge1935On-the-Establis,
	Author = {Birge, Raymond T.},
	Date-Added = {2014-11-22 13:14:56 +0000},
	Date-Modified = {2014-11-22 13:14:56 +0000},
	Journal = {Am.\ J.\ Phys.},
	Pages = {102},
	Title = {On the Establishment of Fundamental and Derived Units, with Special Reference to Electric Units. Part I},
	Volume = {3},
	Year = {1935}}

@book{Chandrasekhar1960Radiative-Trans,
	Author = {Chandrasekhar, S.},
	Date-Added = {2014-11-22 13:14:56 +0000},
	Date-Modified = {2014-11-22 13:14:56 +0000},
	Publisher = {Dover},
	Title = {Radiative Transfer},
	Year = {1960}}

@book{Heitler1984The-Quantum-The,
	Author = {Heitler, W.},
	Date-Added = {2014-11-22 13:14:56 +0000},
	Date-Modified = {2014-11-22 13:14:56 +0000},
	Publisher = {Dover},
	Title = {The Quantum Theory of Radiation},
	Year = {1984}}

@book{Jackson1975Classical-Elect,
	Author = {Jackson, John D.},
	Date-Added = {2014-11-22 13:14:56 +0000},
	Date-Modified = {2014-11-22 13:14:56 +0000},
	Edition = {2d},
	Publisher = {Wiley},
	Title = {Classical Electrodynamics},
	Year = {1975}}

@book{Landau1975The-Classical-T,
	Author = {Landau, L. D. and Lifshitz, E. M.},
	Date-Added = {2014-11-22 13:14:56 +0000},
	Date-Modified = {2014-11-22 13:14:56 +0000},
	Edition = {4th},
	Publisher = {Pergamon},
	Series = {Course of Theoretical Physics},
	Title = {The Classical Theory of Fields},
	Volume = {2},
	Year = {1975}}

@book{Longair1992Particles-Photo,
	Author = {Longair, Malcolm S.},
	Date-Added = {2014-11-22 13:14:56 +0000},
	Date-Modified = {2014-11-22 13:14:56 +0000},
	Edition = {2d},
	Publisher = {Cambridge University Press},
	Series = {High Energy Astrophysics},
	Title = {Particles, Photons, and Their Detection},
	Volume = {1},
	Year = {1992}}

@book{Osterbrock1989Astrophysics-of,
	Author = {Osterbrock, Donald E.},
	Date-Added = {2014-11-22 13:14:56 +0000},
	Date-Modified = {2014-11-22 13:14:56 +0000},
	Publisher = {University Science Books},
	Title = {Astrophysics of Gaseous Nebulae and Active Galactic Nuclei},
	Year = {1989}}

@book{Spitzer1978Physical-Proces,
	Author = {Spitzer, Lyman},
	Date-Added = {2014-11-22 13:14:56 +0000},
	Date-Modified = {2014-11-22 13:14:56 +0000},
	Publisher = {Wiley},
	Title = {Physical Processes in the Interstellar Medium},
	Year = {1978}}

@book{van-de-Hulst1981Light-Scatterin,
	Author = {{van de Hulst}, H. C.},
	Date-Added = {2014-11-22 13:14:56 +0000},
	Date-Modified = {2014-11-22 13:14:56 +0000},
	Publisher = {Dover},
	Title = {Light Scattering by Small Particles},
	Year = {1981}}

@book{Bethe2008Quantum-Mechani,
	Author = {Bethe, Hans A. and Salpeter, Edwin E.},
	Date-Added = {2014-11-22 13:13:25 +0000},
	Date-Modified = {2014-11-22 13:13:25 +0000},
	Publisher = {Dover},
	Title = {Quantum Mechanics of One- and Two-Electron Atoms},
	Year = {2008}}

@book{Pathria1996Statistical-Mec,
	Author = {Pathria, R. K.},
	Date-Added = {2014-11-22 13:13:25 +0000},
	Date-Modified = {2014-11-22 13:13:25 +0000},
	Edition = {2d},
	Publisher = {Butterworth-Heinemann},
	Title = {Statistical Mechanics},
	Year = {1996}}

@book{Shu1991Gas-Dynamics,
	Author = {Shu, Frank H.},
	Date-Added = {2014-11-22 13:13:25 +0000},
	Date-Modified = {2014-11-22 13:13:25 +0000},
	Publisher = {University Science Books},
	Series = {The Physics of Astrophysics},
	Title = {Gas Dynamics},
	Volume = {II},
	Year = {1991}}

@book{Shu1991Radiation,
	Author = {Shu, Frank H.},
	Date-Added = {2014-11-22 13:13:25 +0000},
	Date-Modified = {2014-11-22 13:13:25 +0000},
	Publisher = {University Science Books},
	Series = {The Physics of Astrophysics},
	Title = {Radiation},
	Volume = {I},
	Year = {1991}}

@book{Baym1990Lectures-on-Qua,
	Author = {Baym, Gordon},
	Date-Added = {2014-11-22 13:13:25 +0000},
	Date-Modified = {2014-11-22 13:13:25 +0000},
	Publisher = {Addison-Wesley},
	Title = {Lectures on Quantum Mechanics},
	Year = {1990}}

@book{Spitzer1990Physics-of-Full,
	Author = {Spitzer, Lyman},
	Date-Added = {2014-11-22 13:13:25 +0000},
	Date-Modified = {2014-11-22 13:13:25 +0000},
	Edition = {2d},
	Publisher = {Dover},
	Title = {Physics of Fully Ionized Gases},
	Year = {1990}}

@book{Feynman1989The-Feynman-Lec,
	Author = {Feynman, Richard P. and Leighton, Robert B. and Sands, Matthew},
	Date-Added = {2014-11-22 13:13:25 +0000},
	Date-Modified = {2014-11-22 13:13:25 +0000},
	Publisher = {Addison-Wesley},
	Title = {The Feynman Lectures on Physics},
	Year = {1989}}

@book{Landau1987Fluid-Mechanics,
	Author = {Landau, L. D. and Lifshitz, E. M.},
	Date-Added = {2014-11-22 13:13:25 +0000},
	Date-Modified = {2014-11-22 13:13:25 +0000},
	Edition = {2d},
	Publisher = {Pergamon},
	Series = {Course of Theoretical Physics},
	Title = {Fluid Mechanics},
	Volume = {6},
	Year = {1987}}

@book{Landau1980Statistical-Phy,
	Author = {Landau, L. D. and Lifshitz, E. M.},
	Date-Added = {2014-11-22 13:13:25 +0000},
	Date-Modified = {2014-11-22 13:13:25 +0000},
	Edition = {3d.},
	Publisher = {Pergamon},
	Series = {Course of Theoretical Physics},
	Title = {Statistical Physics, Part 1},
	Volume = {5},
	Year = {1980}}

@book{Rybicki1979Radiative-Proce,
	Author = {Rybicki, George B. and Lightman, Alan P.},
	Date-Added = {2014-11-22 13:13:25 +0000},
	Date-Modified = {2014-11-22 13:13:25 +0000},
	Publisher = {Wiley},
	Title = {Radiative Processes in Astrophysics},
	Year = {1979}}

@book{Schutz1980Geometrical-Met,
	Author = {Schutz, Bernard},
	Date-Added = {2014-11-22 13:12:28 +0000},
	Date-Modified = {2014-11-22 13:12:28 +0000},
	Publisher = {Cambridge University Press},
	Title = {Geometrical Methods of Mathematical Physics},
	Year = {1980}}

@book{Misner1973Gravitation,
	Author = {Misner, Charles W. and Thorne, Kip S. and Wheeler, John A.},
	Date-Added = {2014-11-22 13:12:28 +0000},
	Date-Modified = {2014-11-22 13:12:28 +0000},
	Publisher = {W. H. Freeman},
	Title = {Gravitation},
	Year = {1973}}

@book{Weinberg1972Gravitation-and,
	Author = {Weinberg, Steven},
	Date-Added = {2014-11-22 13:12:28 +0000},
	Date-Modified = {2014-11-22 13:12:28 +0000},
	Publisher = {Wiley},
	Title = {Gravitation and Cosmology: Principles and Applications of the General Theory of Relativity},
	Year = {1972}}

@article{Paxton2013Modules-for-Exp,
	Author = {Paxton, Bill and Cantiello, Matteo and Arras, Phil and Bildsten, Lars and Brown, Edward F. and Dotter, Aaron and Mankovich, Christopher and {Montgomery}, M.~H. and Stello, Dennis and {Timmes}, F. X. and Townsend, Richard},
	Date-Added = {2014-11-22 13:11:40 +0000},
	Date-Modified = {2014-11-22 13:11:40 +0000},
	Eprint = {1301.0319},
	Journal = {\apjs},
	Pages = {4},
	Title = {Modules for Experiments in Stellar Astrophysics ({MESA}): Planets, Oscillations, Rotation, and Massive Stars},
	Volume = {208},
	Year = {2013}}

@article{Paxton2010Modules-for-Exp,
	Author = {Paxton, Bill and Bildsten, Lars and Dotter, Aaron and Herwig, Falk and Lesaffre, Pierre and Timmes, Frank},
	Date-Added = {2014-11-22 13:11:40 +0000},
	Date-Modified = {2014-11-22 13:11:40 +0000},
	Eprint = {1009.1622v1},
	Journal = {\apjs},
	Month = jan,
	Pages = {3},
	Title = {Modules for Experiments in Stellar Astrophysics ({MESA})},
	Volume = {192},
	Year = {2011}}

@book{Hansen2004Stellar-Interio,
	Author = {Hansen, Carl J. and Kawaler, Steven D. and Trimble, Virginia},
	Date-Added = {2014-11-22 13:11:40 +0000},
	Date-Modified = {2014-11-22 13:11:40 +0000},
	Edition = {2d},
	Publisher = {Springer-Verlag},
	Title = {Stellar Interiors},
	Year = {2004}}

@book{Binney1998Galactic-Astron,
	Author = {Binney, James and Merrifield, Michael},
	Date-Added = {2014-11-22 13:11:40 +0000},
	Date-Modified = {2014-11-22 13:11:40 +0000},
	Publisher = {Princeton University Press},
	Title = {Galactic Astronomy},
	Year = {1998}}

@book{Kippenhahn1994Stellar-Structu,
	Author = {Kippenhahn, R. and Weigert, A.},
	Date-Added = {2014-11-22 13:11:40 +0000},
	Date-Modified = {2014-11-22 13:11:40 +0000},
	Publisher = {Springer-Verlag},
	Title = {Stellar Structure and Evolution},
	Year = {1994}}

@book{Clayton1983Principles-of-S,
	Author = {Clayton, Donald D.},
	Date-Added = {2014-11-22 13:11:40 +0000},
	Date-Modified = {2014-11-22 13:11:40 +0000},
	Publisher = {University of Chicago Press},
	Title = {Principles of Stellar Evolution and Nucleosynthesis},
	Year = {1983}}

@book{Shapiro1983Black-Holes-Whi,
	Author = {Shapiro, Stuart L. and Teukolsky, Saul A.},
	Date-Added = {2014-11-22 13:11:40 +0000},
	Date-Modified = {2014-11-22 13:11:40 +0000},
	Publisher = {Wiley},
	Title = {Black Holes, White Dwarfs, and Neutron Stars},
	Year = {1983}}

@book{Cox1980Theory-of-Stell,
	Author = {Cox, J. P.},
	Date-Added = {2014-11-22 13:11:40 +0000},
	Date-Modified = {2014-11-22 13:11:40 +0000},
	Publisher = {Princeton University Press},
	Title = {Theory of Stellar Pulsation},
	Year = {1980}}

@book{Mihalas1978Stellar-Atmosph,
	Author = {Mihalas, D.},
	Date-Added = {2014-11-22 13:11:40 +0000},
	Date-Modified = {2014-11-22 13:11:40 +0000},
	Edition = {2d},
	Publisher = {W. H. Freeman},
	Title = {Stellar Atmospheres},
	Year = {1978}}

@book{Zeldovich1971Stars-and-Relat,
	Author = {Zel'dovich, Ya. B. and Novikov, I. D.},
	Date-Added = {2014-11-22 13:11:40 +0000},
	Date-Modified = {2014-11-22 13:11:40 +0000},
	Publisher = {University of Chicago Press},
	Series = {Relativistic Astrophysics},
	Title = {Stars and Relativity},
	Volume = {1},
	Year = {1971}}

@book{Chacon2009Pro-Git,
	Author = {Scott Chacon},
	Date-Added = {2014-04-30 20:17:09 +0000},
	Date-Modified = {2014-04-30 20:19:16 +0000},
	Publisher = {Apress},
	Title = {Pro Git},
	Url = {http://git-scm.com/book},
	Year = {2009},
	Bdsk-Url-1 = {http://git-scm.com/book}}

@book{Downey2013Think-Python,
	Author = {Downey, Allen},
	Date-Added = {2014-04-30 20:10:18 +0000},
	Date-Modified = {2014-04-30 20:12:52 +0000},
	Publisher = {Green Tea Press},
	Title = {Think Python},
	Url = {http://www.greenteapress.com/thinkpython/thinkpython.html},
	Year = {2013},
	Bdsk-Url-1 = {http://www.greenteapress.com/thinkpython/thinkpython.html}}

@webpage{Carpentry2014Lessons,
	Author = {Software Carpentry},
	Date-Added = {2014-04-30 20:05:38 +0000},
	Date-Modified = {2014-07-19 16:03:25 +0000},
	Title = {Lessons},
	Url = {http://software-carpentry.org/lessons.html},
	Year = {2014},
	Bdsk-Url-1 = {http://software-carpentry.org/lessons.html}}

@book{Pinker2014The-Sense-of-St,
	Address = {New York},
	Author = {Pinker, Steven},
	Date-Added = {2014-10-30 01:30:18 +0000},
	Date-Modified = {2014-10-30 01:31:24 +0000},
	Publisher = {Viking Penguin},
	Title = {The Sense of Style},
	Year = {2014}}

@book{Strunk1999The-Elements-of,
	Author = {Strunk, Jr., William and White, E. B.},
	Date-Added = {2014-04-30 19:56:13 +0000},
	Date-Modified = {2014-04-30 19:58:00 +0000},
	Edition = {4th},
	Publisher = {Longman},
	Title = {The Elements of Style},
	Year = {1999}}

@book{Tufte1983The-Visual-Disp,
	Address = {Chesire, CT},
	Author = {Tufte, Edward R.},
	Date-Added = {2014-04-30 19:54:30 +0000},
	Date-Modified = {2014-04-30 19:56:09 +0000},
	Edition = {2d},
	Publisher = {Graphics Press},
	Title = {The Visual Display of Quantitative Information},
	Year = {2001}}

@book{Pitman1993Probability,
	Address = {New York},
	Author = {Pitman, Jim},
	Date-Added = {2014-08-05 17:55:06 +0000},
	Date-Modified = {2014-08-05 17:55:39 +0000},
	Publisher = {Springer-Verlag},
	Title = {Probability},
	Year = {1993}}

@book{Durrett1994The-Essentials-,
	Address = {Belmont, CA},
	Author = {Durrett, Richard},
	Date-Added = {2014-08-05 17:52:39 +0000},
	Date-Modified = {2014-08-05 17:54:35 +0000},
	Publisher = {Duxbury Press},
	Title = {The Essentials of Probability},
	Year = {1994}}

@book{Shu1982The-Physical-Un,
	Address = {Sausalito, CA},
	Author = {Shu, Frank H.},
	Date-Added = {2014-10-30 13:32:17 +0000},
	Date-Modified = {2014-10-30 13:32:17 +0000},
	Publisher = {University Science Books},
	Title = {The Physical Universe},
	Year = {1982}}

@book{Lissauer2013Fundamental-Pla,
	Author = {Lissauer, Jack J. and {de Pater}, Imke},
	Date-Added = {2014-10-30 07:25:49 +0000},
	Date-Modified = {2014-10-30 07:26:42 +0000},
	Publisher = {Cambridge University Press},
	Title = {Fundamental Planetary Science: Physics, Chemistry and Habitability},
	Year = {2013}}

@book{Bennett2013The-Cosmic-Pers,
	Author = {Bennett, Jeffrey O. and Donahue, Megan O. and Schneider, Nicholas and Voit, Mark},
	Date-Added = {2014-04-30 19:33:12 +0000},
	Date-Modified = {2014-04-30 19:34:11 +0000},
	Edition = {7th},
	Publisher = {Addison-Wesley},
	Title = {The Cosmic Perspective},
	Year = {2013}}

@book{Carroll2006An-Introduction,
	Author = {Carroll, Bradley W. and Ostlie, Dale A.},
	Date-Added = {2014-04-30 19:31:24 +0000},
	Date-Modified = {2014-04-30 19:32:08 +0000},
	Edition = {2d},
	Publisher = {Addison-Wesley},
	Title = {An Introduction to Modern Astrophysics},
	Year = {2006}}

@book{Tritton1988Physical-Fluid-,
	Author = {Tritton, D. J.},
	Date-Added = {2014-11-11 15:16:07 +0000},
	Date-Modified = {2014-11-12 00:50:36 +0000},
	Edition = {2d},
	Publisher = {Oxford University Press},
	Title = {Physical Fluid Dynamics},
	Year = {1988}}

@book{Schutz2009A-First-Course-,
	Author = {Bernard Schutz},
	Date-Added = {2014-11-11 15:13:33 +0000},
	Date-Modified = {2014-11-11 15:14:16 +0000},
	Publisher = {Cambridge University Press},
	Title = {A First Course in General Relativity},
	Year = {2009}}

@book{Fermi1956Thermodynamics,
	Author = {Enrico Fermi},
	Date-Added = {2014-11-11 15:10:30 +0000},
	Date-Modified = {2014-11-11 15:11:35 +0000},
	Publisher = {Dover},
	Title = {Thermodynamics},
	Year = {1956}}

@article{clarke1946,
	Address = {Cambridge, UK},
	Author = {R. D. Clarke},
	Day = {001},
	Doi = {10.1017/S0020268100035435},
	Journal = {Journal of the Institute of Actuaries},
	Month = {001},
	Number = {3},
	Pages = {481},
	Publisher = {Cambridge University Press},
	Title = {An application of the Poisson distribution},
	Volume = {72},
	Year = {1946},
	Bdsk-Url-1 = {https://doi.org/10.1017/S0020268100035435}}
